<record><leader>00000cas a2200000 a 4500</leader><controlfield tag="001">12409383</controlfield><controlfield tag="008">850821c18999999ksuwr ne      0    0eng d</controlfield><datafield ind1=" " ind2=" " tag="010"><subfield code="a">sn 85031819 </subfield></datafield><datafield ind1=" " ind2=" " tag="040"><subfield code="a">KSH</subfield><subfield code="b">eng</subfield><subfield code="c">KSH</subfield><subfield code="d">NPT</subfield><subfield code="d">OCL</subfield><subfield code="d">OCLCQ</subfield></datafield><datafield ind1=" " ind2=" " tag="042"><subfield code="a">msc</subfield></datafield><datafield ind1="0" ind2="4" tag="245"><subfield code="a">The Sterling Kansas bulletin.</subfield></datafield><datafield ind1=" " ind2=" " tag="260"><subfield code="a">Sterling, Kan. :</subfield><subfield code="b">Junkin &amp; Steele,</subfield><subfield code="c">1899-</subfield></datafield><datafield ind1=" " ind2=" " tag="300"><subfield code="a">v. :</subfield><subfield code="b">ill. ;</subfield><subfield code="c">37-54 cm.</subfield></datafield><datafield ind1=" " ind2=" " tag="310"><subfield code="a">Weekly</subfield></datafield><datafield ind1="0" ind2=" " tag="362"><subfield code="a">Vol. 23, no. 1 (Jan. 6, 1899)-</subfield></datafield><datafield ind1=" " ind2=" " tag="500"><subfield code="a">Special Illustrated Industrial Edition, Aug. 7, 1900.</subfield></datafield><datafield ind1=" " ind2=" " tag="500"><subfield code="a">Publisher varies.</subfield></datafield><datafield ind1=" " ind2=" " tag="580"><subfield code="a">Issued also in a Tuesday edition called: Sterling farm journal, Jan. 11, 1910-Jan. 29, 1912.</subfield></datafield><datafield ind1=" " ind2=" " tag="752"><subfield code="a">United States</subfield><subfield code="b">Kansas</subfield><subfield code="c">Rice</subfield><subfield code="d">Sterling.</subfield></datafield><datafield ind1="1" ind2=" " tag="775"><subfield code="t">Sterling farm journal</subfield><subfield code="w">(DLC)sn 85031735</subfield></datafield><datafield ind1="0" ind2="0" tag="780"><subfield code="t">Bulletin and gazette</subfield><subfield code="w">(DLC)sn 85031816</subfield></datafield><datafield ind1="0" ind2="5" tag="780"><subfield code="t">Nickerson argosy</subfield><subfield code="g">Mar. 6, 1980</subfield><subfield code="w">(DLC)sn 85030758</subfield></datafield><datafield ind1="1" ind2=" " tag="029"><subfield code="a">AU@</subfield><subfield code="b">000022173320</subfield></datafield></record>